@article{hirata2019brighter,
  title={Brighter-fatter effect in near-infrared detectors. i. Theory of flat autocorrelations},
  author={Hirata, Christopher M and Choi, Ami},
  journal={Publications of the Astronomical Society of the Pacific},
  volume={132},
  number={1007},
  pages={014501},
  year={2019},
  publisher={IOP Publishing}
}

@inproceedings{downing2006ccd,
  title={CCD riddle: a) signal vs time: linear; b) signal vs variance: non-linear},
  author={Downing, Mark and Baade, Dietrich and Sinclaire, Peter and Deiries, Sebastian and Christen, Fabrice},
  booktitle={High Energy, Optical, and Infrared Detectors for Astronomy II},
  volume={6276},
  pages={76--86},
  year={2006},
  organization={SPIE}
}

@article{lage2017measurements,
  title={Measurements and simulations of the brighter-fatter effect in CCD sensors},
  author={Lage, Craig and Bradshaw, Andrew and Tyson, J Anthony},
  journal={Journal of Instrumentation},
  volume={12},
  number={03},
  pages={C03091},
  year={2017},
  publisher={IOP Publishing}
}

@article{walter2015brighter,
  title={The Brighter-Fatter and other sensor effects in CCD simulations for precision astronomy},
  author={Walter, CW},
  journal={Journal of Instrumentation},
  volume={10},
  number={05},
  pages={C05015},
  year={2015},
  publisher={IOP Publishing}
}

@ARTICLE{2009arXiv0912.0201L, author = {{LSST Science Collaboration} and {Abell}, P.~A. and {Allison}, J. and {Anderson}, S.~F. and {Andrew}, J.~R. and {Angel}, J.~R.~P. and {Armus}, L. and {Arnett}, D. and {Asztalos}, S.~J. and {Axelrod}, T.~S. and et al.}, title = "{LSST Science Book, Version 2.0}", journal = {ArXiv e-prints}, archivePrefix = "arXiv", eprint = {0912.0201}, primaryClass = "astro-ph.IM", keywords = {Astrophysics - Instrumentation and Methods for Astrophysics, Astrophysics - Cosmology and Extragalactic Astrophysics, Astrophysics - Earth and Planetary Astrophysics, Astrophysics - Galaxy Astrophysics, Astrophysics - Solar and Stellar Astrophysics}, year = 2009, month = dec, adsurl = {http://adsabs.harvard.edu/abs/2009arXiv0912.0201L}, adsnote = {Provided by the SAO/NASA Astrophysics Data System} }

@article{greffe2019flat,
  title={Flat Field Forensics},
  author={Greffe, Timothee and Smith, Roger},
  journal={arXiv preprint arXiv:1911.05872},
  year={2019}
}

@article{ivezic2019lsst,
  title={LSST: from science drivers to reference design and anticipated data products},
  author={Ivezi{\'c}, {\v{Z}}eljko and Kahn, Steven M and Tyson, J Anthony and Abel, Bob and Acosta, Emily and Allsman, Robyn and Alonso, David and AlSayyad, Yusra and Anderson, Scott F and Andrew, John and others},
  journal={The Astrophysical Journal},
  volume={873},
  number={2},
  pages={111},
  year={2019},
  publisher={IOP Publishing}
}

@inproceedings{snyder2020laboratory,
  title={Laboratory measurements of instrumental signatures of the LSST camera focal plane},
  author={Snyder, Adam and Barrau, Aur{\'e}lien and Bradshaw, Andrew and Bowdish, Boyd and Chiang, James and Combet, Celine and Digel, Seth and Dubois, Richard and Eraud, Ludovic and Juramy, Claire and others},
  booktitle={X-Ray, Optical, and Infrared Detectors for Astronomy IX},
  volume={11454},
  pages={649--669},
  year={2020},
  organization={SPIE}
}

 @article{NSF_2020, title={NSF-supported observatory renamed for astronomer Vera C. Rubin}, url={https://beta.nsf.gov/news/nsf-supported-observatory-renamed-astronomer-vera}, journal={National Science Foundation}, author = {NSF}, year={2020}} 
 
 @article{rubin2011interesting,
  title={An interesting voyage},
  author={Rubin, Vera C},
  journal={Annual Review of Astronomy and Astrophysics},
  volume={49},
  pages={1--28},
  year={2011},
  publisher={Annual Reviews}
}

 
%@misc{koren_2020, title={An Influential Female Astronomer Is Getting Her Due}, url={https://www.lsst.org/sites/default/files/sites/default/files/docs/Vera\%20Rubin's\%20Well-Deserved\%20Space\%20Observatory\%20-\%20The\%20Atlantic.pdf}, journal={Vera C. Rubin Observatory}, author={Koren, Marina}, year={2020}} 

@misc{scipy_2020, title={An Influential Female Astronomer Is Getting Her Due}, url={https://docs.scipy.org/doc/scipy/reference/generated/scipy.optimize.curve_fit.html}, journal={Vera C. Rubin Observatory}, author={Scipy}, year={2020}}


@article{coulton2018exploring,
  title={Exploring the brighter-fatter effect with the hyper suprime-cam},
  author={Coulton, William R and Armstrong, Robert and Smith, Kendrick M and Lupton, Robert H and Spergel, David N},
  journal={The Astronomical Journal},
  volume={155},
  number={6},
  pages={258},
  year={2018},
  publisher={IOP Publishing}
}


@inproceedings{newbry2018lsst,
  title={LSST camera bench for optical testing: design, assembly, and preliminary testing},
  author={Newbry, Scott and Lange, Travis and Roodman, Aaron and Reil, Kevin and Bond, Tim and Rasmussen, Andy and Bowdish, Boyd and Snyder, Adam and Rosenberg, Erik and Lee, Vincent},
  booktitle={Ground-based and Airborne Instrumentation for Astronomy VII},
  volume={10702},
  pages={1553--1571},
  year={2018},
  organization={SPIE}
}

@article{astier2019shape,
  title={The shape of the photon transfer curve of CCD sensors},
  author={Astier, Pierre and Antilogus, Pierre and Juramy, Claire and Le Breton, R{\'e}my and Le Guillou, Laurent and Sepulveda, Eduardo},
  journal={Astronomy \& Astrophysics},
  volume={629},
  pages={A36},
  year={2019},
  publisher={EDP Sciences}
}

@article{lupton2014consequences,
  title={Consequences of thick CCDs on image processing},
  author={Lupton, Robert H},
  journal={Journal of Instrumentation},
  volume={9},
  number={04},
  pages={C04023},
  year={2014},
  publisher={IOP Publishing}
}

@article{astropy:2013,
Adsnote = {Provided by the SAO/NASA Astrophysics Data System},
Adsurl = {http://adsabs.harvard.edu/abs/2013A%26A...558A..33A},
Archiveprefix = {arXiv},
Author = {{Astropy Collaboration} and {Robitaille}, T.~P. and {Tollerud}, E.~J. and {Greenfield}, P. and {Droettboom}, M. and {Bray}, E. and {Aldcroft}, T. and {Davis}, M. and {Ginsburg}, A. and {Price-Whelan}, A.~M. and {Kerzendorf}, W.~E. and {Conley}, A. and {Crighton}, N. and {Barbary}, K. and {Muna}, D. and {Ferguson}, H. and {Grollier}, F. and {Parikh}, M.~M. and {Nair}, P.~H. and {Unther}, H.~M. and {Deil}, C. and {Woillez}, J. and {Conseil}, S. and {Kramer}, R. and {Turner}, J.~E.~H. and {Singer}, L. and {Fox}, R. and {Weaver}, B.~A. and {Zabalza}, V. and {Edwards}, Z.~I. and {Azalee Bostroem}, K. and {Burke}, D.~J. and {Casey}, A.~R. and {Crawford}, S.~M. and {Dencheva}, N. and {Ely}, J. and {Jenness}, T. and {Labrie}, K. and {Lim}, P.~L. and {Pierfederici}, F. and {Pontzen}, A. and {Ptak}, A. and {Refsdal}, B. and {Servillat}, M. and {Streicher}, O.},
Doi = {10.1051/0004-6361/201322068},
Eid = {A33},
Eprint = {1307.6212},
Journal = {\aap},
Keywords = {methods: data analysis, methods: miscellaneous, virtual observatory tools},
Month = oct,
Pages = {A33},
Primaryclass = {astro-ph.IM},
Title = {{Astropy: A community Python package for astronomy}},
Volume = 558,
Year = 2013,
Bdsk-Url-1 = {https://dx.doi.org/10.1051/0004-6361/201322068}}

@article{price2018astropy,
  title={The astropy project: building an open-science project and status of the v2. 0 core package},
  author={{Astropy Collaboration} and Price-Whelan, Adrian M and Sip{\H{o}}cz, BM and G{\"u}nther, HM and Lim, PL and Crawford, SM and Conseil, S and Shupe, DL and Craig, MW and Dencheva, N and Ginsburg, A and others},
  journal={The Astronomical Journal},
  volume={156},
  number={3},
  pages={123},
  year={2018},
  publisher={IOP Publishing}
}

@article{harris2020array,
  title={Array programming with NumPy},
  author={Harris, Charles R and Millman, K Jarrod and Van Der Walt, St{\'e}fan J and Gommers, Ralf and Virtanen, Pauli and Cournapeau, David and Wieser, Eric and Taylor, Julian and Berg, Sebastian and Smith, Nathaniel J and others},
  journal={Nature},
  volume={585},
  number={7825},
  pages={357--362},
  year={2020},
  publisher={Nature Publishing Group}
}

@article{burkardt2014truncated,
  title={The truncated normal distribution},
  author={Burkardt, John},
  journal={Department of Scientific Computing Website, Florida State University},
  volume={1},
  pages={35},
  year={2014}
}

@article{o2015crosstalk,
  title={Crosstalk in multi-output CCDs for LSST},
  author={O'Connor, P},
  journal={Journal of Instrumentation},
  volume={10},
  number={05},
  pages={C05010},
  year={2015},
  publisher={IOP Publishing}
}