
@misc{NSF_2020, title={NSF-supported observatory renamed for astronomer Vera C. Rubin}, url={https://beta.nsf.gov/news/nsf-supported-observatory-renamed-astronomer-vera}, journal={National Science Foundation}, author = {NSF}, year={2020}} 

@misc{koren_2020, title={An Influential Female Astronomer Is Getting Her Due}, url={https://www.lsst.org/sites/default/files/sites/default/files/docs/Vera\%20Rubin's\%20Well-Deserved\%20Space\%20Observatory\%20-\%20The\%20Atlantic.pdf}, journal={Vera C. Rubin Observatory}, author={Koren, Marina}, year={2020}} 

@article{burkardt2014truncated,
  title={The truncated normal distribution},
  author={Burkardt, John},
  journal={Department of Scientific Computing Website, Florida State University},
  volume={1},
  pages={35},
  year={2014}
}

%%%%%%%%%%%%%%%%%
%%%%%% ADS %%%%%%
@ARTICLE{2011ARA&A..49....1R,
       author = {{Rubin}, Vera C.},
        title = "{An Interesting Voyage}",
      journal = {\araa},
         year = 2011,
        month = sep,
       volume = {49},
       number = {1},
        pages = {1-28},
          doi = {10.1146/annurev-astro-081710-102545},
       adsurl = {https://ui.adsabs.harvard.edu/abs/2011ARA&A..49....1R},
      adsnote = {Provided by the SAO/NASA Astrophysics Data System}
}
@ARTICLE{2017JInst..12C3091L,
       author = {{Lage}, C. and {Bradshaw}, A. and {Tyson}, J.~A.},
        title = "{Measurements and simulations of the brighter-fatter effect in CCD sensors}",
      journal = {Journal of Instrumentation},
         year = 2017,
        month = mar,
       volume = {12},
       number = {3},
        pages = {C03091},
          doi = {10.1088/1748-0221/12/03/C03091},
       adsurl = {https://ui.adsabs.harvard.edu/abs/2017JInst..12C3091L},
      adsnote = {Provided by the SAO/NASA Astrophysics Data System}
}

@INPROCEEDINGS{2020SPIE11454E..39S,
       author = {{Snyder}, Adam and {Barrau}, Aur{\'e}lien and {Bradshaw}, Andrew and {Bowdish}, Boyd and {Chiang}, James and {Combet}, Celine and {Digel}, Seth and {Dubois}, Richard and {Eraud}, Ludovic and {Juramy}, Claire and {Lage}, Craig and {Lange}, Travis and {Migliore}, Myriam and {Nomerotski}, Andrei and {O'Connor}, Paul and {Park}, Hye Yun and {Rasmussen}, Andrew and {Reil}, Kevin and {Roodman}, Aaron and {Shestakov}, Adrian and {Utsumi}, Yousuke and {Wood}, Duncan},
        title = "{Laboratory measurements of instrumental signatures of the LSST camera focal plane}",
    booktitle = {X-Ray, Optical, and Infrared Detectors for Astronomy IX},
         year = 2020,
       editor = {{Holland}, Andrew D. and {Beletic}, James},
       series = {Society of Photo-Optical Instrumentation Engineers (SPIE) Conference Series},
       volume = {11454},
        month = dec,
          eid = {1145439},
        pages = {1145439},
          doi = {10.1117/12.2562915},
       adsurl = {https://ui.adsabs.harvard.edu/abs/2020SPIE11454E..39S},
      adsnote = {Provided by the SAO/NASA Astrophysics Data System}
}

@ARTICLE{2015JInst..10C5015W,
       author = {{Walter}, C.~W.},
        title = "{The Brighter-Fatter and other sensor effects in CCD simulations for precision astronomy}",
      journal = {Journal of Instrumentation},
     keywords = {Astrophysics - Instrumentation and Methods for Astrophysics},
         year = 2015,
        month = may,
       volume = {10},
       number = {5},
          eid = {C05015},
        pages = {C05015},
          doi = {10.1088/1748-0221/10/05/C05015},
archivePrefix = {arXiv},
       eprint = {1505.03639},
 primaryClass = {astro-ph.IM},
       adsurl = {https://ui.adsabs.harvard.edu/abs/2015JInst..10C5015W},
      adsnote = {Provided by the SAO/NASA Astrophysics Data System}
}

@INPROCEEDINGS{2006SPIE.6276E..09D,
       author = {{Downing}, Mark and {Baade}, Dietrich and {Sinclaire}, Peter and {Deiries}, Sebastian and {Christen}, Fabrice},
        title = "{CCD riddle: a) signal vs time: linear; b) signal vs variance: non-linear}",
    booktitle = {Society of Photo-Optical Instrumentation Engineers (SPIE) Conference Series},
         year = 2006,
       editor = {{Dorn}, David A. and {Holland}, Andrew D.},
       series = {Society of Photo-Optical Instrumentation Engineers (SPIE) Conference Series},
       volume = {6276},
        month = jun,
          eid = {627609},
        pages = {627609},
          doi = {10.1117/12.671457},
       adsurl = {https://ui.adsabs.harvard.edu/abs/2006SPIE.6276E..09D},
      adsnote = {Provided by the SAO/NASA Astrophysics Data System}
}

@ARTICLE{2018AJ....155..258C,
       author = {{Coulton}, William R. and {Armstrong}, Robert and {Smith}, Kendrick M. and {Lupton}, Robert H. and {Spergel}, David N.},
        title = "{Exploring the Brighter-fatter Effect with the Hyper Suprime-Cam}",
      journal = {\aj},
     keywords = {instrumentation: detectors, techniques: image processing, Astrophysics - Instrumentation and Methods for Astrophysics},
         year = 2018,
        month = jun,
       volume = {155},
       number = {6},
          eid = {258},
        pages = {258},
          doi = {10.3847/1538-3881/aac08d},
archivePrefix = {arXiv},
       eprint = {1711.06273},
 primaryClass = {astro-ph.IM},
       adsurl = {https://ui.adsabs.harvard.edu/abs/2018AJ....155..258C},
      adsnote = {Provided by the SAO/NASA Astrophysics Data System}
}

@INPROCEEDINGS{2018SPIE10702E..58N,
       author = {{Newbry}, Scott and {Lange}, Travis and {Roodman}, Aaron and {Reil}, Kevin and {Bond}, Tim and {Rasmussen}, Andy and {Bowdish}, Boyd and {Snyder}, Adam and {Rosenberg}, Erik and {Lee}, Vincent},
        title = "{LSST camera bench for optical testing: design, assembly, and preliminary testing}",
    booktitle = {Ground-based and Airborne Instrumentation for Astronomy VII},
         year = 2018,
       editor = {{Evans}, Christopher J. and {Simard}, Luc and {Takami}, Hideki},
       series = {Society of Photo-Optical Instrumentation Engineers (SPIE) Conference Series},
       volume = {10702},
        month = jul,
          eid = {1070258},
        pages = {1070258},
          doi = {10.1117/12.2314269},
       adsurl = {https://ui.adsabs.harvard.edu/abs/2018SPIE10702E..58N},
      adsnote = {Provided by the SAO/NASA Astrophysics Data System}
}

@ARTICLE{2019A&A...629A..36A,
       author = {{Astier}, Pierre and {Antilogus}, Pierre and {Juramy}, Claire and {Le Breton}, R{\'e}my and {Le Guillou}, Laurent and {Sepulveda}, Eduardo},
        title = "{The shape of the photon transfer curve of CCD sensors}",
      journal = {\aap},
     keywords = {instrumentation: detectors, methods: data analysis, Astrophysics - Instrumentation and Methods for Astrophysics},
         year = 2019,
        month = sep,
       volume = {629},
          eid = {A36},
        pages = {A36},
          doi = {10.1051/0004-6361/201935508},
archivePrefix = {arXiv},
       eprint = {1905.08677},
 primaryClass = {astro-ph.IM},
       adsurl = {https://ui.adsabs.harvard.edu/abs/2019A&A...629A..36A},
      adsnote = {Provided by the SAO/NASA Astrophysics Data System}
}

@ARTICLE{2014JInst...9C4023L,
       author = {{Lupton}, Robert H.},
        title = "{Consequences of thick CCDs on image processing}",
      journal = {Journal of Instrumentation},
         year = 2014,
        month = apr,
       volume = {9},
       number = {4},
          eid = {C04023},
        pages = {C04023},
          doi = {10.1088/1748-0221/9/04/C04023},
       adsurl = {https://ui.adsabs.harvard.edu/abs/2014JInst...9C4023L},
      adsnote = {Provided by the SAO/NASA Astrophysics Data System}
}

@ARTICLE{2020Natur.585..357H,
       author = {{Harris}, Charles R. and {Millman}, K. Jarrod and {van der Walt}, St{\'e}fan J. and {Gommers}, Ralf and {Virtanen}, Pauli and {Cournapeau}, David and {Wieser}, Eric and {Taylor}, Julian and {Berg}, Sebastian and {Smith}, Nathaniel J. and {Kern}, Robert and {Picus}, Matti and {Hoyer}, Stephan and {van Kerkwijk}, Marten H. and {Brett}, Matthew and {Haldane}, Allan and {del R{\'\i}o}, Jaime Fern{\'a}ndez and {Wiebe}, Mark and {Peterson}, Pearu and {G{\'e}rard-Marchant}, Pierre and {Sheppard}, Kevin and {Reddy}, Tyler and {Weckesser}, Warren and {Abbasi}, Hameer and {Gohlke}, Christoph and {Oliphant}, Travis E.},
        title = "{Array programming with NumPy}",
      journal = {\nat},
     keywords = {Computer Science - Mathematical Software, Statistics - Computation},
         year = 2020,
        month = sep,
       volume = {585},
       number = {7825},
        pages = {357-362},
          doi = {10.1038/s41586-020-2649-2},
archivePrefix = {arXiv},
       eprint = {2006.10256},
 primaryClass = {cs.MS},
       adsurl = {https://ui.adsabs.harvard.edu/abs/2020Natur.585..357H},
      adsnote = {Provided by the SAO/NASA Astrophysics Data System}
}



